@misc{enlyft,
    author       = {Enlyft},
    title        = {Companies using Discord},
    howpublished = {\url{https://enlyft.com/tech/products/discord}},
}

@misc{earthweb,
    author       = {Jason Wise - EarthWeb},
    title        = {Discord statistics 2022: Valuation, Revenue \& Users},
    howpublished = {\url{https://earthweb.com/discord-statistics/}},
}

@misc{tsbb,
    author       = {Stefan Campbell - The Small Business Blog},
    title        = {Discord Statistics 2022: How Many People Use Discord?},
    howpublished = {\url{https://thesmallbusinessblog.net/discord-statistics/}},
}

@misc{jobted,
    author       = {Jobted},
    title        = {Sueldo del Ingeniero Informático en España},
    howpublished = {\url{https://www.jobted.es/salario/ingeniero-inform%C3%A1tico}},
}
